@inproceedings{qin2016heavy,
  title={Heavy hitter estimation over set-valued data with local differential privacy},
  author={Qin, Zhan and Yang, Yin and Yu, Ting and Khalil, Issa and Xiao, Xiaokui and Ren, Kui},
  booktitle={Proceedings of the 2016 ACM SIGSAC Conference on Computer and Communications Security},
  pages={192--203},
  year={2016},
  organization={ACM}
}

@inproceedings{wang2018locally,
  title={Locally differentially private frequent itemset mining},
  author={Wang, Tianhao and Li, Ninghui and Jha, Somesh},
  booktitle={2018 IEEE Symposium on Security and Privacy (SP)},
  pages={127--143},
  year={2018},
  organization={IEEE}
}

@inproceedings{han2000mining,
  title={Mining frequent patterns without candidate generation},
  author={Han, Jiawei and Pei, Jian and Yin, Yiwen},
  booktitle={ACM sigmod record},
  volume={29},
  number={2},
  pages={1--12},
  year={2000},
  organization={ACM}
}

@inproceedings{wang2018privtrie,
  title={PrivTrie: Effective frequent term discovery under local differential privacy},
  author={Wang, Ning and Xiao, Xiaokui and Yang, Yin and Hoang, Ta Duy and Shin, Hyejin and Shin, Junbum and Yu, Ge},
  booktitle={2018 IEEE 34th International Conference on Data Engineering (ICDE)},
  pages={821--832},
  year={2018},
  organization={IEEE}
}

@inproceedings{agrawal1994fast,
  title={Fast algorithms for mining association rules},
  author={Agrawal, Rakesh and Srikant, Ramakrishnan and others},
  booktitle={Proc. 20th int. conf. very large data bases, VLDB},
  volume={1215},
  pages={487--499},
  year={1994}
}

@article{hay2010boosting,
  title={Boosting the accuracy of differentially private histograms through consistency},
  author={Hay, Michael and Rastogi, Vibhor and Miklau, Gerome and Suciu, Dan},
  journal={Proceedings of the VLDB Endowment},
  volume={3},
  number={1-2},
  pages={1021--1032},
  year={2010},
  publisher={VLDB Endowment}
}

@inproceedings{lee2014top,
  title={Top-k frequent itemsets via differentially private fp-trees},
  author={Lee, Jaewoo and Clifton, Christopher W},
  booktitle={Proceedings of the 20th ACM SIGKDD international conference on Knowledge discovery and data mining},
  pages={931--940},
  year={2014},
  organization={ACM}
}

@inproceedings{wang2017locally,
  title={Locally differentially private protocols for frequency estimation},
  author={Wang, Tianhao and Blocki, Jeremiah and Li, Ninghui and Jha, Somesh},
  booktitle={26th $\{$USENIX$\}$ Security Symposium ($\{$USENIX$\}$ Security 17)},
  pages={729--745},
  year={2017}
}
